
@online{noauthor_sicherheit_nodate,
	title = {Sicherheit von {NFP} mit sensiplan¬Æ - Sensiplan, die Methode f√ºr nat√ºrliche Familienplanung},
	url = {https://www.sensiplan.de/de/was-ist-sensiplan/sicherheit},
	titleaddon = {Sensiplan¬Æ, ein Angebot der {MW} Malteser Werke {gGmbH}},
	urldate = {2022-12-05},
	langid = {german},
	file = {Snapshot:/home/beluzzi/Zotero/storage/GE9LI98A/sicherheit.html:text/html},
}

@online{noauthor_industry-leading_2021,
	title = {The Industry-Leading Container Runtime - Docker},
	url = {https://www.docker.com/products/container-runtime/},
	abstract = {Read about our industry-leading Docker container runtimes. Docker Engine allows containerized apps to run consistently on any infrastructure ‚Äî from anywhere.},
	urldate = {2022-12-05},
	date = {2021-09-28},
	langid = {american},
}

@online{noauthor_what_nodate,
	title = {What is {REST}},
	url = {https://restfulapi.net/},
	abstract = {{REST} is an acronym for {REpresentational} State Transfer. It is an architectural style for hypermedia systems and was first presented by Roy Fielding.},
	titleaddon = {{REST} {API} Tutorial},
	urldate = {2022-12-03},
	langid = {american},
}

@online{noauthor_material_nodate,
	title = {Material Design},
	url = {https://m3.material.io/},
	abstract = {Build beautiful, usable products faster. Material Design is an adaptable system‚Äîbacked by open-source code‚Äîthat helps teams build high quality digital experiences.},
	titleaddon = {Material Design},
	urldate = {2022-12-03},
	langid = {english},
	file = {Snapshot:/home/beluzzi/Zotero/storage/B7Q7P59R/m3.material.io.html:text/html},
}

@online{noauthor_vue_nodate,
	title = {Vue {CLI}},
	url = {https://cli.vuejs.org/},
	abstract = {üõ†Ô∏è Standard Tooling for Vue.js Development},
	urldate = {2022-12-03},
	langid = {american},
	file = {Snapshot:/home/beluzzi/Zotero/storage/DQFLV55V/cli.vuejs.org.html:text/html},
}

@online{noauthor_overview_nodate,
	title = {Overview - {FHIR} v4.3.0},
	url = {https://www.hl7.org/fhir/overview.html},
	urldate = {2022-12-03},
	file = {Overview - FHIR v4.3.0:/home/beluzzi/Zotero/storage/5YSY42V6/overview.html:text/html},
}

@online{noauthor_overview_nodate-1,
	title = {Overview {\textbar} Vue {CLI}},
	url = {https://cli.vuejs.org/guide/},
	abstract = {üõ†Ô∏è Standard Tooling for Vue.js Development},
	urldate = {2022-12-03},
	langid = {american},
	file = {Snapshot:/home/beluzzi/Zotero/storage/6U3YH9NM/guide.html:text/html},
}

@online{noauthor_why_nodate,
	title = {Why you should be using Vuetify},
	url = {https://vuetifyjs.com/en/introduction/why-vuetify/},
	abstract = {Vuetify has an extremely active community, provides easy to use Material Design components and is consistently updat...},
	titleaddon = {Vuetify},
	urldate = {2022-12-03},
	file = {Snapshot:/home/beluzzi/Zotero/storage/4BHSRXI4/why-vuetify.html:text/html},
}

@online{noauthor_introduction_nodate,
	title = {Introduction {\textbar} Vue.js},
	url = {https://vuejs.org/guide/introduction.html},
	urldate = {2022-12-03},
	file = {Introduction | Vue.js:/home/beluzzi/Zotero/storage/YZHKDBHU/introduction.html:text/html},
}

@online{noauthor_express_nodate,
	title = {Express - Node.js web application framework},
	url = {https://expressjs.com/},
	urldate = {2022-12-03},
	langid = {english},
	file = {Snapshot:/home/beluzzi/Zotero/storage/XAGDUQ8T/expressjs.com.html:text/html},
}

@online{noauthor_what_nodate-1,
	title = {What is Babel? ¬∑ Babel},
	url = {https://babeljs.io/},
	shorttitle = {What is Babel?},
	abstract = {\#\# Babel is a {JavaScript} compiler},
	urldate = {2022-12-03},
	langid = {english},
	file = {Snapshot:/home/beluzzi/Zotero/storage/939NR2MG/en.html:text/html},
}

@online{noauthor_getting_nodate,
	title = {Getting Started {\textbar}¬†Axios Docs},
	url = {https://axios-http.com/docs/intro},
	urldate = {2022-12-03},
	file = {Getting Started |¬†Axios Docs:/home/beluzzi/Zotero/storage/UH5EKPTY/intro.html:text/html},
}

@online{noauthor_method_nodate,
	title = {The method - Sensiplan, the method for natural family planning},
	url = {https://www.sensiplan.de/en/what-is-sensiplan/the-method},
	titleaddon = {Sensiplan¬Æ, ein Angebot der {MW} Malteser Werke {gGmbH}},
	urldate = {2022-12-03},
	langid = {english},
	file = {Snapshot:/home/beluzzi/Zotero/storage/G5YY5VFM/the-method.html:text/html},
}

@online{noauthor_safety_nodate,
	title = {Safety - Sensiplan, the method for natural family planning},
	url = {https://www.sensiplan.de/en/what-is-sensiplan/safety},
	titleaddon = {Sensiplan¬Æ, ein Angebot der {MW} Malteser Werke {gGmbH}},
	urldate = {2022-12-03},
	langid = {english},
	file = {Snapshot:/home/beluzzi/Zotero/storage/RERIDU3V/safety.html:text/html},
}

@online{nodejs_about_nodate,
	title = {About},
	url = {https://nodejs.org/en/about/},
	abstract = {Node.js¬Æ is a {JavaScript} runtime built on Chrome's V8 {JavaScript} engine.},
	titleaddon = {Node.js},
	author = {Node.js},
	urldate = {2022-12-03},
	langid = {english},
	file = {Snapshot:/home/beluzzi/Zotero/storage/W26XK78E/about.html:text/html},
}

@online{noauthor_trackle_nodate,
	title = {trackle Verh√ºtungscomputer f√ºr hormonfreie Verh√ºtung},
	url = {https://trackle.de/},
	abstract = {Der trackle Zykluscomputer hilft Dir, einfach und sicher Deinen Eisprung zu berechnen. Jetzt informieren und symptothermale Methode nutzen!},
	titleaddon = {trackle {GmbH}},
	urldate = {2023-01-08},
	langid = {german},
	file = {Snapshot:/home/beluzzi/Zotero/storage/GH2W7XYJ/trackle.de.html:text/html},
}

@online{noauthor_uniklinik_nodate,
	title = {Uniklinik K√∂ln - Startseite},
	url = {https://www.uk-koeln.de/},
	abstract = {Informationen √ºber die Uniklinik K√∂ln f√ºr Patienten, Besucher, Studierende, Wissenschaftler, Journalisten und Interessierte},
	urldate = {2023-01-08},
	file = {Snapshot:/home/beluzzi/Zotero/storage/VBY3U9WK/www.uk-koeln.de.html:text/html},
}

@online{noauthor_swagger_nodate,
	title = {Swagger {UI}},
	url = {https://hapi.fhir.org/baseR4/swagger-ui/},
	urldate = {2023-01-08},
	file = {Swagger UI:/home/beluzzi/Zotero/storage/KWFQHHEN/swagger-ui.html:text/html},
}

@online{noauthor_home_nodate,
	title = {Home - Sensiplan, the method for natural family planning},
	url = {https://www.sensiplan.de/en},
	titleaddon = {Sensiplan¬Æ, ein Angebot der {MW} Malteser Werke {gGmbH}},
	urldate = {2023-01-08},
	langid = {english},
	file = {Snapshot:/home/beluzzi/Zotero/storage/ZM2PQU4V/en.html:text/html},
}

@online{noauthor_patient_nodate,
	title = {Patient - {FHIR} v5.0.0-cibuild},
	url = {https://build.fhir.org/patient.html},
	urldate = {2023-01-09},
	file = {Patient - FHIR v5.0.0-cibuild:/home/beluzzi/Zotero/storage/2HIS96NC/patient.html:text/html},
}

@online{noauthor_questionnaireresponse_nodate,
	title = {{QuestionnaireResponse} - {FHIR} v5.0.0-cibuild},
	url = {https://build.fhir.org/questionnaireresponse.html},
	urldate = {2023-01-09},
	file = {QuestionnaireResponse - FHIR v5.0.0-cibuild:/home/beluzzi/Zotero/storage/77W8GUFA/questionnaireresponse.html:text/html},
}

@software{lucaskulla_pmi_2023,
	title = {{PMI}},
	rights = {{MIT}},
	url = {https://github.com/lucaskulla/WebAppForStudyManagement},
	author = {lucaskulla},
	urldate = {2023-01-11},
	date = {2023-01-10},
	note = {original-date: 2023-01-10T18:55:37Z},
}
